<marcxml:record xmlns:xlink="http://www.w3.org/1999/xlink" xmlns:marcxml="http://www.loc.gov/MARC21/slim" xmlns:mets="http://www.loc.gov/METS/" xmlns:mxe="http://www.loc.gov/mxe" xmlns:rdf="http://www.w3.org/1999/02/22-rdf-syntax-ns#" xmlns:rdfs="http://www.w3.org/2000/01/rdf-schema#" xmlns:skos="http://www.w3.org/2004/02/skos/core#" xmlns:madsrdf="http://www.loc.gov/mads/rdf/v1#" xmlns:ri="http://id.loc.gov/ontologies/RecordInfo#" xmlns:sem="http://marklogic.com/semantics">
  <marcxml:leader>02104cz  a2200373n  4500</marcxml:leader>
  <marcxml:controlfield tag="001">n2007079026</marcxml:controlfield>
  <marcxml:controlfield tag="003">DLC</marcxml:controlfield>
  <marcxml:controlfield tag="005">20160614104959.0</marcxml:controlfield>
  <marcxml:controlfield tag="008">071102n| azannaabn          |b ana      </marcxml:controlfield>
  <marcxml:datafield tag="010" ind1=" " ind2=" ">
    <marcxml:subfield code="a">n 2007079026</marcxml:subfield>
    <marcxml:subfield code="z">sh 85035056 </marcxml:subfield>
  </marcxml:datafield>
  <marcxml:datafield tag="035" ind1=" " ind2=" ">
    <marcxml:subfield code="a">(OCoLC)oca07571489</marcxml:subfield>
  </marcxml:datafield>
  <marcxml:datafield tag="040" ind1=" " ind2=" ">
    <marcxml:subfield code="a">DLC</marcxml:subfield>
    <marcxml:subfield code="b">eng</marcxml:subfield>
    <marcxml:subfield code="e">rda</marcxml:subfield>
    <marcxml:subfield code="c">DLC</marcxml:subfield>
    <marcxml:subfield code="d">DLC</marcxml:subfield>
    <marcxml:subfield code="d">OCoLC</marcxml:subfield>
    <marcxml:subfield code="d">DLC</marcxml:subfield>
  </marcxml:datafield>
  <marcxml:datafield tag="043" ind1=" " ind2=" ">
    <marcxml:subfield code="a">e-gr---</marcxml:subfield>
  </marcxml:datafield>
  <marcxml:datafield tag="151" ind1=" " ind2=" ">
    <marcxml:subfield code="a">Cyclades (Greece)</marcxml:subfield>
  </marcxml:datafield>
  <marcxml:datafield tag="451" ind1=" " ind2=" ">
    <marcxml:subfield code="w">nne</marcxml:subfield>
    <marcxml:subfield code="a">Kyklades (Greece)</marcxml:subfield>
  </marcxml:datafield>
  <marcxml:datafield tag="451" ind1=" " ind2=" ">
    <marcxml:subfield code="a">Nomós Kikhládon (Greece)</marcxml:subfield>
  </marcxml:datafield>
  <marcxml:datafield tag="451" ind1=" " ind2=" ">
    <marcxml:subfield code="a">Nomos Kykladōn (Greece)</marcxml:subfield>
  </marcxml:datafield>
  <marcxml:datafield tag="451" ind1=" " ind2=" ">
    <marcxml:subfield code="a">Kikladhes (Greece)</marcxml:subfield>
  </marcxml:datafield>
  <marcxml:datafield tag="451" ind1=" " ind2=" ">
    <marcxml:subfield code="a">Nisia Kyklades (Greece)</marcxml:subfield>
  </marcxml:datafield>
  <marcxml:datafield tag="451" ind1=" " ind2=" ">
    <marcxml:subfield code="a">Nísoi Kykládes (Greece)</marcxml:subfield>
  </marcxml:datafield>
  <marcxml:datafield tag="451" ind1=" " ind2=" ">
    <marcxml:subfield code="a">Nomós Kikládhon (Greece)</marcxml:subfield>
  </marcxml:datafield>
  <marcxml:datafield tag="451" ind1=" " ind2=" ">
    <marcxml:subfield code="a">Kikládes (Greece)</marcxml:subfield>
  </marcxml:datafield>
  <marcxml:datafield tag="451" ind1=" " ind2=" ">
    <marcxml:subfield code="a">Kikládes Nisiá (Greeece)</marcxml:subfield>
  </marcxml:datafield>
  <marcxml:datafield tag="451" ind1=" " ind2=" ">
    <marcxml:subfield code="a">Kikládes Nísoi (Greece)</marcxml:subfield>
  </marcxml:datafield>
  <marcxml:datafield tag="451" ind1=" " ind2=" ">
    <marcxml:subfield code="a">Νισιτ̔̈«”αϐ· Κυκλτ̔̈«”αϐ·δες (Greece)</marcxml:subfield>
  </marcxml:datafield>
  <marcxml:datafield tag="451" ind1=" " ind2=" ">
    <marcxml:subfield code="a">Νομτ̔̈«”ϐϐ·ς Κυκλτ̔̈«”αϐ·δων (Greece)</marcxml:subfield>
  </marcxml:datafield>
  <marcxml:datafield tag="667" ind1=" " ind2=" ">
    <marcxml:subfield code="a">Non-Latin script references not evaluated.</marcxml:subfield>
  </marcxml:datafield>
  <marcxml:datafield tag="670" ind1=" " ind2=" ">
    <marcxml:subfield code="a">GEOnet, Oct. 24, 2007:</marcxml:subfield>
    <marcxml:subfield code="b">(Kyklades--ADM1 37°25ʹ00ʺN 024°55ʹ00ʺE; variants: Kykládon, Nomós; Kikládhes; Cyclades; Kikhládon, Nomós)</marcxml:subfield>
  </marcxml:datafield>
  <marcxml:datafield tag="670" ind1=" " ind2=" ">
    <marcxml:subfield code="a">Web. geog.:</marcxml:subfield>
    <marcxml:subfield code="b">(Cyclades; Kikládhes in Greek; group of approx. 220 islands in southern Aegean Sea; admin. dept. of Greece)</marcxml:subfield>
  </marcxml:datafield>
  <marcxml:datafield tag="670" ind1=" " ind2=" ">
    <marcxml:subfield code="a">GEOnet, viewed June 15, 2016</marcxml:subfield>
    <marcxml:subfield code="b">(Cyclades [conventional], Nomós Kykládon [approved], Nisiá Kykládes [approved], Νομτ̔̈«”ϐϐ·ς Κυκλτ̔̈«”αϐ·δων [non-roman script], Νισιτ̔̈«”αϐ· Κυκλτ̔̈«”αϐ·δες [non-roman script], 37°00ʹ00ʺN 025°10ʹ00ʺE, islands and historical ADM in Notio Aigaio, Greece; variants:  Kikládhes, Nomós Kikládhon, Kikládes, Kikládes Nisiá, Kikládes Nísoi, Nísoi Kykládes)</marcxml:subfield>
  </marcxml:datafield>
  <marcxml:datafield tag="670" ind1=" " ind2=" ">
    <marcxml:subfield code="a">Columbia gazetteer of the world, viewed June 14, 2016</marcxml:subfield>
    <marcxml:subfield code="b">(Cyclades; also called Kyklades; island group, coextensive with Cyclades prefecture; includes about 220 islands, the most importat of which are Tínos, Ándros, Mílos, Naxos, Kéa, Páros, Serifos, Ios, Kithnos, and Santorini)</marcxml:subfield>
  </marcxml:datafield>
  <marcxml:datafield tag="781" ind1=" " ind2="0">
    <marcxml:subfield code="z">Greece</marcxml:subfield>
    <marcxml:subfield code="z">Cyclades</marcxml:subfield>
  </marcxml:datafield>
</marcxml:record>
